@article{Arabas_et_al_2015,
         title = {libcloudph++ 1.0: a single-moment bulk, double-moment bulk, and particle-based warm-rain microphysics library in C++},
        author = {Arabas, S. and Jaruga, A. and Pawlowska, H. and Grabowski, W.W.},
       journal = {Geosci. Model. Dev.},
        volume = {8},
          year = {2015},
        number = {6},
         pages = {1677--1707},
           URL = {http://www.geosci-model-dev.net/8/1677/2015/},
           DOI = {10.5194/gmd-8-1677-2015}
}

@article{Arabas_and_Pawlowska_2011,
         title = {Adaptive method of lines for multi-component aerosol condensational growth and CCN activation},
        author = {Arabas, S. and Pawlowska, H.},
       journal = {Geosci. Model. Dev.},
          year = {2011},
        volume = {4},
         pages = {15--31},
           doi = {10.5194/gmd-4-15-2011}
}

@book{Lin_2012a,
         title = {A Hands-On Introduction to Using Python in the Atmospheric and Oceanic Sciences},
        author = {Lin, J. W.-B.},
          year = {2012},
          isbn = {130007616X}
}

@article{Petters_et_al_2007,
         title = {A single parameter representation of~hygroscopic growth and cloud condensation nucleus activity},
        author = {Petters, M.D. and Kreidenweis, S.M},
       journal = {Atmos. Chem. Phys.},
          year = {2007},
        volume = {7},
           doi = {10.5194/acp-8-6273-2008},
           url = {http://www.atmos-chem-phys.net/8/6273/2008/}, 
         pages = {1961--1971}
}
